%% This BibTeX bibliography file was created using BibDesk.
%% http://bibdesk.sourceforge.net/


%% Created for Fabio Madge Pimentel at 2015-11-30 18:00:07 +0100 


%% Saved with string encoding Unicode (UTF-8) 



@book{Gusfield:1989,
	Address = {Cambridge, MA, USA},
	Author = {Gusfield, Dan and Irving, Robert W.},
	Date-Modified = {2015-09-16 11:17:38 +0000},
	Isbn = {0-262-07118-5},
	Publisher = {MIT Press},
	Title = {The Stable Marriage Problem: Structure and Algorithms},
	Year = {1989}}

@article{Gale:1962,
	Author = {D. Gale and L. S. Shapley},
	Date-Modified = {2015-11-30 17:00:00 +0000},
	Issn = {00029890, 19300972},
	Journal = {The American Mathematical Monthly},
	Number = {1},
	Pages = {9-15},
	Publisher = {Mathematical Association of America},
	Title = {College Admissions and the Stability of Marriage},
	Url = {http://www.jstor.org/stable/2312726},
	Volume = {69},
	Year = {1962},
	Bdsk-Url-1 = {http://www.jstor.org/stable/2312726}}
