@article{hinze_paterson_2006, title={Finger trees: a simple general-purpose data structure}, volume={16}, DOI={10.1017/S0956796805005769}, number={2}, journal={Journal of Functional Programming}, publisher={Cambridge University Press}, author={HINZE, RALF and PATERSON, ROSS}, year={2006}, pages={197â€“217}}