%% This BibTeX bibliography file was created using BibDesk.
%% http://bibdesk.sourceforge.net/


%% Created for Fabio Madge Pimentel at 2016-06-29 19:12:16 +0200


%% Saved with string encoding Unicode (UTF-8)



@inproceedings{Boudet:1996,
	Acmid = {748966},
	Address = {London, UK, UK},
	Author = {Boudet, Alexandre and Comon, Hubert},
	Booktitle = {Proceedings of the 21st International Colloquium on Trees in Algebra and Programming},
	Isbn = {3-540-61064-2},
	Numpages = {14},
	Pages = {30--43},
	Publisher = {Springer-Verlag},
	Series = {CAAP '96},
	Title = {Diophantine Equations, Presburger Arithmetic and Finite Automata},
	Url = {http://dl.acm.org/citation.cfm?id=648223.748966},
	Year = {1996},
	Bdsk-Url-1 = {http://dl.acm.org/citation.cfm?id=648223.748966}}

@inbook{Durand-Gasselin:2010,
	Address = {Berlin, Heidelberg},
	Author = {Durand-Gasselin, Antoine and Habermehl, Peter},
	Booktitle = {CONCUR 2010 - Concurrency Theory: 21th International Conference, CONCUR 2010, Paris, France, August 31-September 3, 2010. Proceedings},
	Doi = {10.1007/978-3-642-15375-4_26},
	Editor = {Gastin, Paul and Laroussinie, Fran{\c{c}}ois},
	Isbn = {978-3-642-15375-4},
	Pages = {373--387},
	Publisher = {Springer Berlin Heidelberg},
	Title = {On the Use of Non-deterministic Automata for Presburger Arithmetic},
	Url = {http://dx.doi.org/10.1007/978-3-642-15375-4_26},
	Year = {2010},
	Bdsk-Url-1 = {http://dx.doi.org/10.1007/978-3-642-15375-4_26}}

@unpublished{Esparza:2016,
	Author = {Esparza, Javier},
	Note = {unpublished lecture notes},
	Title = {Automata Theory: An Algorithmic Approach},
	Year = {2016}}

@inproceedings{Wolper:1995,
	Acmid = {717674},
	Address = {London, UK, UK},
	Author = {Wolper, Pierre and Boigelot, Bernard},
	Booktitle = {Proceedings of the Second International Symposium on Static Analysis},
	Isbn = {3-540-60360-3},
	Numpages = {12},
	Pages = {21--32},
	Publisher = {Springer-Verlag},
	Series = {SAS '95},
	Title = {An Automata-Theoretic Approach to Presburger Arithmetic Constraints (Extended Abstract)},
	Url = {http://dl.acm.org/citation.cfm?id=647163.717674},
	Year = {1995},
	Bdsk-Url-1 = {http://dl.acm.org/citation.cfm?id=647163.717674}}
